@Article{r1,
author = {P Marks},
title = {New Scientist},
journal = {Samsung launch kickstarts the smartwatch},
year = {2013},
}
@Article{r2,
author = {J Sachse},
title = {The Standardization of Widget-APIs as an approach for overcoming device frafmentation},
year = {2010},
}
@Article{r3,
author = {N Smith},
title = {Classic project: Pulsar P1 and P2 Quartz wristwatch},

year = {2013},

}
@Article{r4,
author = {R T Azuma},
title = {A survey of augmented Reality},
year = {1997},

}
@misc{r5,
 title={Android wear review },
 url={https://www.engadget.com/2014/07/03/android-wear-review/},
 note={(Date last accessed 9-March-2018)},
 }